<record><leader>00000cas a2200000 i 4500</leader><controlfield tag="001">897205676</controlfield><controlfield tag="006">m     o  d        </controlfield><controlfield tag="007">cr |||||||||||</controlfield><controlfield tag="008">141202d18441884pauwr neo     0   a0eng  </controlfield><datafield ind1=" " ind2=" " tag="010"><subfield code="a">  2014218817</subfield></datafield><datafield ind1=" " ind2=" " tag="040"><subfield code="a">DLC</subfield><subfield code="b">eng</subfield><subfield code="e">rda</subfield><subfield code="c">DLC</subfield></datafield><datafield ind1="0" ind2=" " tag="022"><subfield code="a">2376-2772</subfield><subfield code="2">1</subfield></datafield><datafield ind1="1" ind2=" " tag="029"><subfield code="a">NZ1</subfield><subfield code="b">15955272</subfield></datafield><datafield ind1=" " ind2=" " tag="042"><subfield code="a">pcc</subfield><subfield code="a">nsdp</subfield></datafield><datafield ind1=" " ind2=" " tag="043"><subfield code="a">n-us-pa</subfield></datafield><datafield ind1="1" ind2="0" tag="050"><subfield code="a">ISSN RECORD</subfield></datafield><datafield ind1="0" ind2="0" tag="082"><subfield code="a">071</subfield><subfield code="2">23</subfield></datafield><datafield ind1=" " ind2="0" tag="222"><subfield code="a">Bradford reporter</subfield><subfield code="b">(Online)</subfield></datafield><datafield ind1="0" ind2="0" tag="245"><subfield code="a">Bradford reporter.</subfield></datafield><datafield ind1=" " ind2="1" tag="264"><subfield code="a">Towanda, Bradford County, Pa. :</subfield><subfield code="b">E.O. Goodrich</subfield></datafield><datafield ind1=" " ind2=" " tag="300"><subfield code="a">1 online resource</subfield></datafield><datafield ind1=" " ind2=" " tag="310"><subfield code="a">Weekly</subfield></datafield><datafield ind1=" " ind2=" " tag="336"><subfield code="a">text</subfield><subfield code="b">txt</subfield><subfield code="2">rdacontent</subfield></datafield><datafield ind1=" " ind2=" " tag="337"><subfield code="a">computer</subfield><subfield code="b">c</subfield><subfield code="2">rdamedia</subfield></datafield><datafield ind1=" " ind2=" " tag="338"><subfield code="a">online resource</subfield><subfield code="b">cr</subfield><subfield code="2">rdacarrier</subfield></datafield><datafield ind1="1" ind2=" " tag="362"><subfield code="a">Began April 10, 1844. Ceased in Dec. 1884?</subfield></datafield><datafield ind1=" " ind2=" " tag="500"><subfield code="a">Editors: E. O'Meara Goodrich, &lt;1848-1876&gt;; S.W. Alvord, &lt;1876&gt;.</subfield></datafield><datafield ind1=" " ind2=" " tag="500"><subfield code="a">Publishers: E.S. Goodrich &amp; Son, 1844; E.O. &amp; H.P. Goodrich, 1845-1847; E.S. Goodrich &amp; Son, &lt;1847&gt;; E. O'Meara Goodrich, &lt;1848-1867&gt;; S.W. Alvord, &lt;1876&gt;.</subfield></datafield><datafield ind1=" " ind2=" " tag="500"><subfield code="a">Democratic, 1844-&lt;1853&gt;; Free Soil, &lt;1848-1853&gt;; Republican, &lt;1876&gt;.</subfield></datafield><datafield ind1=" " ind2=" " tag="588"><subfield code="a">Description based on: Volume XV, number 20 (October 28, 1854); title from masthead (Chroniclingamerica.loc.gov, viewed December 2, 2014).</subfield></datafield><datafield ind1=" " ind2=" " tag="588"><subfield code="a">Latest issue consulted: Volume XXVII, number 52 (May 30, 1867) (Chroniclingamerica.loc.gov, viewed December 2, 2014).</subfield></datafield><datafield ind1=" " ind2="0" tag="651"><subfield code="a">Towanda (Pa.)</subfield><subfield code="v">Newspapers.</subfield></datafield><datafield ind1=" " ind2="0" tag="651"><subfield code="a">Bradford County (Pa.)</subfield><subfield code="v">Newspapers.</subfield></datafield><datafield ind1=" " ind2="7" tag="651"><subfield code="a">Pennsylvania</subfield><subfield code="z">Bradford County.</subfield><subfield code="2">fast</subfield><subfield code="0">(OCoLC)fst01209433</subfield></datafield><datafield ind1=" " ind2="7" tag="651"><subfield code="a">Pennsylvania</subfield><subfield code="z">Towanda.</subfield><subfield code="2">fast</subfield><subfield code="0">(OCoLC)fst01212037</subfield></datafield><datafield ind1=" " ind2="7" tag="655"><subfield code="a">Newspapers.</subfield><subfield code="2">fast</subfield><subfield code="0">(OCoLC)fst01423814</subfield></datafield><datafield ind1=" " ind2=" " tag="752"><subfield code="a">United States</subfield><subfield code="b">Pennsylvania</subfield><subfield code="c">Bradford</subfield><subfield code="d">Towanda.</subfield></datafield><datafield ind1="0" ind2="8" tag="776"><subfield code="i">Originally issued in print:</subfield><subfield code="t">Bradford reporter</subfield><subfield code="x">2376-2764</subfield><subfield code="w">(DLC)sn 84024558</subfield><subfield code="w">(OCoLC)11031902</subfield></datafield><datafield ind1="0" ind2="0" tag="780"><subfield code="t">Bradford Porter</subfield></datafield><datafield ind1="0" ind2="7" tag="785"><subfield code="t">Towanda journal</subfield></datafield><datafield ind1="0" ind2="7" tag="785"><subfield code="t">Reporter-journal</subfield></datafield><datafield ind1="4" ind2="0" tag="856"><subfield code="u">http://www.loc.gov/chroniclingamerica/lccn/sn84024558/issues</subfield></datafield></record>